<?xml version="1.0" encoding="UTF-8"?><collection xmlns="http://www.loc.gov/MARC21/slim"><record><leader>00350nam--2200121-i-4500</leader><controlfield tag="001">000005502</controlfield><controlfield tag="002">20161230</controlfield><controlfield tag="005">20161230201026</controlfield><controlfield tag="008">060222s1000------------r-----000-0-eng-d</controlfield><datafield ind1=" " ind2=" " tag="100"><subfield code="a">Acheson, R.M</subfield></datafield><datafield ind1=" " ind2=" " tag="245"><subfield code="a">An introduction to the chemistry of hetero cyclic compounds</subfield></datafield><datafield ind1=" " ind2=" " tag="260"><subfield code="a">New York, Interscience Publishers, Inc., 1960 Xiv + 342 P</subfield></datafield><datafield ind1=" " ind2=" " tag="852"><subfield code="a">16310</subfield></datafield></record></collection>